[gd_scene load_steps=6 format=2]

[ext_resource path="res://scripts/Main.gd" type="Script" id=1]
[ext_resource path="res://scenes/Note.tscn" type="PackedScene" id=2]
[ext_resource path="res://scenes/HUD.tscn" type="PackedScene" id=3]
[ext_resource path="res://scenes/Player.tscn" type="PackedScene" id=4]

[sub_resource type="Curve2D" id=1]

bake_interval = 5.0
_data = {
"points": PoolVector2Array( 0, 0, 0, 0, 0.00115967, 1.00041, 0, 0, 0, 0, 960.004, 3.00041, 0, 0, 0, 0, 961.006, 493.869, 0, 0, 0, 0, -0.957031, 494.532, 0, 0, 0, 0, 0.00115967, 1.00041 )
}

[node name="Main" type="Node" index="0"]

script = ExtResource( 1 )
Note = ExtResource( 2 )

[node name="HUD" parent="." index="0" instance=ExtResource( 3 )]

[node name="ColorRect" type="ColorRect" parent="." index="1"]

anchor_left = 0.0
anchor_top = 0.0
anchor_right = 0.0
anchor_bottom = 0.0
margin_left = -42.0
margin_top = -31.0
margin_right = 985.0
margin_bottom = 568.0
rect_pivot_offset = Vector2( 0, 0 )
rect_clip_content = false
mouse_filter = 0
mouse_default_cursor_shape = 0
size_flags_horizontal = 1
size_flags_vertical = 1
color = Color( 0.595865, 0.0941315, 0.777344, 1 )

[node name="Player" parent="." index="2" instance=ExtResource( 4 )]

position = Vector2( 449.7, 233.178 )
scale = Vector2( 0.7, 0.7 )
_sections_unfolded = [ "Transform" ]
speed = 300

[node name="StartPosition" type="Position2D" parent="." index="3"]

position = Vector2( 480.944, 248.781 )
scale = Vector2( 47.9859, 24.6067 )
_sections_unfolded = [ "Transform" ]

[node name="SpawnNoteTimer" type="Timer" parent="." index="4"]

process_mode = 1
wait_time = 0.55
one_shot = false
autostart = false

[node name="NotePath" type="Path2D" parent="." index="5"]

self_modulate = Color( 0.5, 0.6, 1, 0.7 )
curve = SubResource( 1 )

[node name="NoteSpawnPath" type="PathFollow2D" parent="NotePath" index="0"]

position = Vector2( 0.00115967, 1.00041 )
rotation = 0.00208333
offset = 0.0
h_offset = 0.0
v_offset = 0.0
rotate = true
cubic_interp = true
loop = true
lookahead = 4.0

[node name="AudioStreamPlayer" type="AudioStreamPlayer" parent="." index="6"]

stream = null
volume_db = 0.0
pitch_scale = 1.0
autoplay = false
mix_target = 0
bus = "Master"

[node name="Notes" type="Node" parent="." index="7"]

[connection signal="changeActiveNote" from="HUD" to="." method="_on_HUD_changeActiveNote"]

[connection signal="startGame" from="HUD" to="." method="_on_HUD_startGame"]

[connection signal="caughtNote" from="Player" to="." method="_on_Player_caughtNote"]

[connection signal="dead" from="Player" to="." method="_on_game_over"]

[connection signal="timeout" from="SpawnNoteTimer" to="." method="_on_SpawnNoteTimer_timeout"]


